<?xml version="1.0" encoding="UTF-8"?><collection xmlns="http://www.loc.gov/MARC21/slim"><record><leader>00517nam--2200169-i-4500</leader><controlfield tag="001">000019557</controlfield><controlfield tag="002">20161230</controlfield><controlfield tag="005">20161230201033</controlfield><controlfield tag="008">060222s1000------------r-----000-0-eng-d</controlfield><datafield ind1=" " ind2=" " tag="040"><subfield code="a">IFIN-HH</subfield></datafield><datafield ind1=" " ind2=" " tag="080"><subfield code="a">53(075.8)</subfield></datafield><datafield ind1="1" ind2=" " tag="100"><subfield code="a">Ford, Kenneth W</subfield></datafield><datafield ind1="1" ind2="0" tag="245"><subfield code="a">Clasical and modern physics. a textbook for students of science and engineering. vol. 1</subfield><subfield code="c">Kenneth w. ford</subfield></datafield><datafield ind1=" " ind2=" " tag="260"><subfield code="a">Lexington, Massachusetts</subfield><subfield code="b">Xerox College Publishing</subfield><subfield code="c">1972</subfield></datafield><datafield ind1=" " ind2=" " tag="300"><subfield code="a">XIX + 543 P</subfield></datafield><datafield ind1=" " ind2=" " tag="852"><subfield code="a">42259</subfield><subfield code="c">53</subfield></datafield><datafield ind1=" " ind2=" " tag="CAT"><subfield code="a">Sys</subfield><subfield code="c">20150319</subfield><subfield code="h">090044</subfield></datafield></record></collection>